@misc{CppCoro,
	author = "Lewis Baker",
	title = "{CppCoro}: A library of C++ coroutine abstractions for the coroutines TS",
	howpublished = "\url{https://github.com/lewisbaker/cppcoro}",
	note = "Accessed: 2021-12-09"
}
@misc{P2300R3,
	author = "Micha≈Ç Dominiak and Lewis Baker and Lee Howes and Kirk Shoop and Michael Garland and Eric Niebler and Bryce Adelstein Lelbach",
	title = "{P2300R3}: std::execution",
	howpublished = "\url{https://wg21.link/p2300r3}",
	year = 2021,
	month = 12,
	publisher = "WG21"
}
@misc{IMPL,
	author = "Casey Carter",
	title = "Implementation of \tcode{std::lazy}",
	howpublished = "\url{https://godbolt.org/z/dxxavazPa}",
	year = 2021,
	mohth = 12
}
