@misc{CppCoro,
	author = "Lewis Baker",
	title = "{CppCoro}: A library of C++ coroutine abstractions for the coroutines TS",
	howpublished = "\url{https://github.com/lewisbaker/cppcoro}",
	note = "Accessed: 2021-12-09"
}
