@MISC{GB046,
  author = {Britain, Great},
  title = {{GB046}: Allow caching of evaluations of concept specializations},
  howpublished = {\url{https://github.com/cplusplus/nbballot/issues/45}},
  note = {Accessed: 2020-01-12}
}
@MISC{GB275,
  author = {Britain, Great},
  title = {{GB275}: \tcode{ranges::begin}/\tcode{end} should not accept arrays of unknown bound},
  howpublished = {\url{https://github.com/cplusplus/nbballot/issues/271}},
  note = {Accessed: 2020-01-10}
}
@MISC{lwg3258,
  author = {LWG},
  title = "Issue 3258: Range access and \tcode{initializer_list}",
  howpublished = {\url{https://wg21.link/lwg3258}},
  note = {Accessed: 2020-01-10}
}
@MISC{lwg3299,
  author = {LWG},
  title = "Issue 3299: Pointers don't need customized iterator behavior",
  howpublished = {\url{https://wg21.link/lwg3299}},
  note = {Accessed: 2020-01-10}
}
@MISC{lwg3368,
  author = {LWG},
  title = "Issue 3368: Exactly when does \tcode{size} return \tcode{end - begin}?",
  howpublished = {\url{https://wg21.link/lwg3368}},
  note = {Accessed: 2020-01-19}
}
@MISC{p0944r0,
  author = {Carter, Casey},
  title = {{P0944R0}: Contiguous Ranges},
  year = {2018},
  month = {February},
  note = {\url{https://wg21.link/p0944r0}},
}
@MISC{p0970r1,
  author = {Niebler, Eric},
  title = {{P0970R1}: Better, Safer Range Access Customization Points},
  year = {2018},
  month = {May},
  note = {\url{https://wg21.link/p0970r1}},
}
@MISC{p1870r1,
  author = {Revzin, Barry},
  title = {{P1870R1}: \tcode{\placeholdernc{forwarding-range}<T>} is too subtle},
  year = {2019},
  month = {November},
  note = {\url{https://wg21.link/p1870r1}},
}
@MISC{cmcstl2,
  author = {Carter, Casey},
  title = {CMCSTL2},
  howpublished = {\url{https://github.com/CaseyCarter/CMCSTL2}},
  note = {Accessed: 2018-10-06}
}
@MISC{N4128,
  author = {Niebler, Eric and Parent, Sean and Sutton, Andrew},
  title = "N4128: Ranges for the Standard Library, Revision 1",
  year = {2014},
  month = {10},
  note = {\url{http://www.open-std.org/jtc1/sc22/wg21/docs/papers/2014/n4128.html}},
}
@MISC{P0789,
  author = {Niebler, Eric},
  title = "P0789R3: Range Adaptors and Utilities",
  year = {2018},
  month = {05},
  note = {\url{http://www.open-std.org/jtc1/sc22/wg21/docs/papers/2018/p0789r3.pdf}},
}
@MISC{P0898,
  author = {Carter, Casey and Niebler, Eric},
  title = "P0898{R}3: Standard Library Concepts",
  year = {2018},
  month = {06},
  note = {\url{http://www.open-std.org/jtc1/sc22/wg21/docs/papers/2018/p0898r3.pdf}},
}
@MISC{P0944,
  author = {Carter, Casey},
  title = "P0944: Contiguous Ranges",
  year = {2018},
  month = {02},
  note = {\url{http://www.open-std.org/jtc1/sc22/wg21/docs/papers/2018/p0944r0.html}},
}
@MISC{P0896,
  author = {Niebler, Eric and Carter, Casey and Di~Bella, Christopher},
  title = "P0896{R}4: The One Ranges Proposal",
  year = {2018},
  month = {11},
  note = {\url{http://www.open-std.org/jtc1/sc22/wg21/docs/papers/2018/p0896r4.pdf}},
}
@MISC{ranges-ts,
  author = {Niebler, Eric and Carter, Casey},
  title = "N4685: C++ Extensions for Ranges",
  year = {2017},
  month = {7},
  note = {\url{http://www.open-std.org/JTC1/SC22/WG21/docs/papers/2017/n4685.pdf}},
}
@BOOK{Stepanov:2009:EP:1614221,
  author = {Stepanov, Alexander and McJones, Paul},
  title = {Elements of Programming},
  year = {2009},
  isbn = {032163537X, 9780321635372},
  edition = {1st},
  publisher = {Addison-Wesley Professional},
}
@MISC{expr-sfinae,
  author = {Spicer, John and Adamczyk, J. Stephen},
  title = "Solving the SFINAE problem for expressions",
  year = {2008},
  month = {5},
  note = {\url{http://www.open-std.org/jtc1/sc22/wg21/docs/papers/2008/n2634.html}},
}
